@book{adams2009calculus,
  title={Calculus: A Complete Course},
  author={Adams, R.A. and Essex, C.},
  isbn={9780321549280},
  url={https://books.google.no/books?id=vFdKPgAACAAJ},
  year={2009},
  publisher={Pearson Canada}
}
@book{hayter2012probability,
  title={Probability and Statistics for Engineers and Scientists},
  author={Hayter, A.J.},
  isbn={9781111827045},
  lccn={2011933683},
  url={https://books.google.no/books?id=Z3lr7UHceYEC},
  year={2012},
  publisher={Cengage Learning}
}
@book{kreyszig2010advanced,
  title={Advanced Engineering Mathematics},
  author={Kreyszig, E.},
  isbn={9780470458365},
  lccn={2011287100},
  url={https://books.google.no/books?id=UnN8DpXI74EC},
  year={2010},
  publisher={John Wiley \& Sons}
}
@book{larsen2012introduction,
  title={An Introduction to Mathematical Statistics and Its Applications},
  author={Larsen, R.J. and Marx, M.L.},
  isbn={9780321693945},
  lccn={2010001387},
  url={https://books.google.no/books?id=tZdbRAAACAAJ},
  year={2012},
  publisher={Prentice Hall}
}
@book{2011linear,
  title={Linear Algebra and Its Applications},
  author={Lay, D.C.},
  isbn={9780321791542},
  url={https://books.google.no/books?id=FxyWpwAACAAJ},
  year={2011},
  publisher={Pearson College Division}
}
@book{montgomery2013applied,
  title={Applied Statistics and Probability for Engineers, 6th Edition: },
  author={Montgomery, D.C.},
  isbn={9781118802267},
  lccn={2013041947},
  url={https://books.google.no/books?id=eHpbAgAAQBAJ},
  year={2013},
  publisher={John Wiley \& Sons}
}
@book{rice2006mathematical,
  title={Mathematical Statistics and Data Analysis},
  author={Rice, J.A.},
  isbn={9781111793715},
  url={https://books.google.no/books?id=7SI8AAAAQBAJ},
  year={2006},
  publisher={Cengage Learning}
}
@book{soong2004fundamentals,
  title={Fundamentals of Probability and Statistics for Engineers},
  author={Soong, T.T.},
  isbn={9780470868133},
  lccn={2004041235},
  url={https://books.google.no/books?id=geLPzcMNytIC},
  year={2004},
  publisher={Wiley}
}
@book{walpole2011probability,
  title={Probability and Statistics for Engineers and Scientists},
  author={Walpole, R.E. and Myers, R.H. and Myers, S.L. and Ye, K.E.},
  isbn={9780321831446},
  url={https://books.google.no/books?id=PcksAAAAQBAJ},
  year={2011},
  publisher={Pearson Education}
}
@book{zill2008differential,
  title={Differential Equations with Boundary-Value Problems},
  author={Zill, D.G. and Cullen, M.R.},
  isbn={9780495108368},
  lccn={2008924835},
  url={https://books.google.no/books?id=MSbMZCWX2OQC},
  year={2008},
  publisher={Cengage Learning}
}
@book{bransden2000quantum,
  title={Quantum Mechanics},
  author={Bransden, B.H. and Joachain, C.J.},
  isbn={9780582356917},
  lccn={99055742},
  url={https://books.google.no/books?id=K9f3F0EGACgC},
  year={2000},
  publisher={Prentice Hall}
}
@book{cengel2013fluid,
  title={Fluid Mechanics Fundamentals and Applications: Third Edition},
  author={Cengel, Y. and Cimbala, J.},
  isbn={9780077595418},
  url={https://books.google.no/books?id=QZIjAAAAQBAJ},
  year={2013},
  publisher={McGraw-Hill Higher Education}
}
@book{feynman2013feynmanI,
  title={The Feynman Lectures on Physics, Desktop Edition Volume I},
  author={Feynman, R.P. and Leighton, R.B. and Sands, M.},
  number={v. 1},
  isbn={9780465072934},
  url={https://books.google.no/books?id=kNRFAgAAQBAJ},
  year={2013},
  publisher={Basic Books}
}
@book{feynman2013feynmanII,
  title={The Feynman Lectures on Physics, Desktop Edition Volume II: The New Millennium Edition},
  author={Feynman, R.P. and Feynman Richard P Sands Matthew L Leighton Robert B and Leighton, R.B. and Sands, M.},
  isbn={9780465079988},
  series={Feynman Lectures on Physics},
  url={https://books.google.no/books?id=uaQfAQAAQBAJ},
  year={2013},
  publisher={Basic Books}
}
@book{feynman2013feynmanIII,
  title={The Feynman Lectures on Physics, Desktop Edition Volume III: The New Millennium Edition},
  author={Feynman Richard P Sands Matthew L Leighton Robert B and Feynman, R.P. and Leighton, R.B. and Sands, M.L.},
  number={v. 3},
  isbn={9780465079971},
  url={https://books.google.no/books?id=7awfAQAAQBAJ},
  year={2013},
  publisher={Basic Books}
}
@book{griffiths2005introduction,
  title={Introduction to Quantum Mechanics},
  author={Griffiths, D.J.},
  isbn={9780131118928},
  lccn={2003027110},
  series={Pearson international edition},
  url={https://books.google.no/books?id=-BsvAQAAIAAJ},
  year={2005},
  publisher={Pearson Prentice Hall}
}
@book{mcintyre2012quantum,
  title={Quantum Mechanics: A Paradigms Approach},
  author={McIntyre, D.H. and Manogue, C.A. and Tate, J. and Oregon State University},
  isbn={9780321765796},
  lccn={2011039322},
  url={https://books.google.no/books?id=1PINtwAACAAJ},
  year={2012},
  publisher={Pearson}
}
@book{phillips2013introduction,
  title={Introduction to Quantum Mechanics},
  author={Phillips, A.C.},
  isbn={9781118723258},
  series={Manchester Physics Series},
  url={https://books.google.no/books?id=cRnhQbvOgQAC},
  year={2013},
  publisher={Wiley}
}
@book{white2011fluid,
  title={Fluid Mechanics},
  author={White, F.M.},
  isbn={9780073529349},
  lccn={2010481187},
  series={McGraw-Hill series in mechanical engineering},
  url={https://books.google.no/books?id=egk8SQAACAAJ},
  year={2011},
  publisher={McGraw Hill}
}
@book{young2012university,
  title={University Physics with Modern Physics},
  author={Young, H.D. and Freedman, R.A. and Ford, A.L.},
  isbn={9780321696861},
  lccn={2010044896},
  url={https://books.google.no/books?id=VNf3kQAACAAJ},
  year={2012},
  publisher={Addison-Wesley}
}
@book{hambley2011electrical,
  title={Electrical Engineering: Principles and Applications},
  author={Hambley, A.R.},
  isbn={9780132130066},
  lccn={2009038177},
  url={https://books.google.no/books?id=MtpIHCEVKacC},
  year={2011},
  publisher={Pearson Education}
}
@book{curtis2015orbital,
  title={Orbital Mechanics: For Engineering Students},
  author={Curtis, H.D.},
  isbn={9780080470542},
  series={Aerospace Engineering},
  url={https://books.google.no/books?id=6aO9aGNBAgIC},
  year={2015},
  publisher={Elsevier Science}
}
@book{clark1972ignition,
  title={Ignition!: An Informal History of Liquid Rocket Propellants},
  author={Clark, J.D. and Asimov, I.},
  isbn={9780813585536},
  url={https://books.google.no/books?id=WpMfCwAAQBAJ},
  year={1972},
  publisher={Rutgers University Press}
}
@book{bate1971fundamentals,
  title={Fundamentals of Astrodynamics},
  author={Bate, R.R. and Mueller, D.D. and White, J.E.},
  isbn={9780486600611},
  lccn={73157430},
  series={Dover Books on Aeronautical Engineering Series},
  url={https://books.google.no/books?id=UtJK8cetqGkC},
  year={1971},
  publisher={Dover Publications}
}
@book{wang2009model,
  title={Model Predictive Control System Design and Implementation Using MATLAB{\textregistered}},
  author={Wang, L.},
  isbn={9781848823303},
  lccn={2008940691},
  series={Advances in Industrial Control},
  url={https://books.google.no/books?id=PphumLcKPi4C},
  year={2009},
  publisher={Springer London}
}
@book{proakis1996digital,
  title={Digital Signal Processing: Principles, Algorithms, and Applications},
  author={Proakis, J.G. and Manolakis, D.G.},
  isbn={9780133737622},
  lccn={95009117},
  series={And Intelligent Manufacturing Systems},
  url={https://books.google.no/books?id=sAcfAQAAIAAJ},
  year={1996},
  publisher={Prentice Hall}
}
@book{ogata2010modern,
  title={Modern Control Engineering},
  author={Ogata, K.},
  isbn={9780136156734},
  lccn={2010483801},
  series={Instrumentation and controls series},
  url={https://books.google.no/books?id=Wu5GpNAelzkC},
  year={2010},
  publisher={Prentice Hall}
}
@book{nise2010control,
  title={Control Systems Engineering},
  author={Nise, N.S.},
  isbn={9780470547564},
  lccn={2012359114},
  url={https://books.google.no/books?id=WVA8PwAACAAJ},
  year={2010},
  publisher={Wiley}
}
@book{nilsson2015electric,
  title={Electric Circuits},
  author={Nilsson, J.W. and Riedel, S.A.},
  isbn={9780133760033},
  lccn={2013037725},
  series={Always learning},
  url={https://books.google.no/books?id=FjGSngEACAAJ},
  year={2015},
  publisher={Pearson Education}
}
@book{manolakis2011applied,
  title={Applied Digital Signal Processing: Theory and Practice},
  author={Manolakis, D.G. and Ingle, V.K.},
  isbn={9781139495738},
  url={https://books.google.no/books?id=xLaST05CKlkC},
  year={2011},
  publisher={Cambridge University Press}
}
@book{huzel1971design,
  title={Design of liquid propellant rocket engines},
  author={Huzel, D.K. and Huang, D.H.},
  lccn={78613849},
  series={NASA SP},
  url={https://books.google.no/books?id=7BQZE5FcTl4C},
  year={1971},
  publisher={Scientific and Technical Information Office, National Aeronautics and Space Administration; [for sale by the National Technical Information Service, Springfield, Va.]}
}
@book{thomson2012introduction,
  title={Introduction to Space Dynamics},
  author={Thomson, W.T.},
  isbn={9780486140520},
  series={Dover Books on Aeronautical Engineering},
  url={https://books.google.no/books?id=kYPCAgAAQBAJ},
  year={2012},
  publisher={Dover Publications}
}
@book{sutton2001rocket,
  title={Rocket Propulsion Elements},
  author={Sutton, G.P. and Biblarz, O.},
  isbn={9780471326427},
  lccn={91021431},
  series={A Wiley Interscience publication},
  url={https://books.google.no/books?id=LQbDOxg3XZcC},
  year={2001},
  publisher={Wiley}
}
@book{administration2014interplanetary,
  title={Interplanetary Mission Design Handbook: Earth-To-Mars Mission Opportunities and Mars-To-Earth Return Opportunities 2009-2024},
  author={Administration, N.A.},
  isbn={9781503059344},
  url={https://books.google.no/books?id=7mQVogEACAAJ},
  year={2014},
  publisher={CreateSpace Independent Publishing Platform}
}
@book{launius2012coming,
  title={Coming Home: Reentry and Recovery from Space},
  author={Launius, R.D. and Jenkins, D.R. and National Aeronautics and Space Administration},
  isbn={9780160910647},
  lccn={2012022456},
  series={NASA/SP},
  url={https://books.google.no/books?id=7k1sawDR-kEC},
  year={2012},
  publisher={U.S. Government Printing Office}
}
@book{2007uml,
  title={Uml Distilled: A Brief Guide To The Standard Object Modeling Language, 3/E},
  isbn={9788131715659},
  url={https://books.google.no/books?id=Imvjmk-sGGQC},
  year={2007},
  publisher={Pearson Education}
}
@book{tanenbaum2013structured,
  title={Structured Computer Organization},
  author={Tanenbaum, A.S. and Austin, T.},
  isbn={9780132916523},
  lccn={2012021627},
  url={https://books.google.no/books?id=m0HHygAACAAJ},
  year={2013},
  publisher={Pearson}
}
@book{russell2010artificial,
  title={Artificial Intelligence: A Modern Approach},
  author={Russell, S.J. and Norvig, P.},
  isbn={9780136042594},
  lccn={2011288031},
  series={Discovering great minds of science},
  url={https://books.google.no/books?id=8jZBksh-bUMC},
  year={2010},
  publisher={Prentice Hall}
}
@book{cormen2009introduction,
  title={Introduction to Algorithms},
  author={Cormen, T.H.},
  isbn={9780262033848},
  lccn={2009008593},
  url={https://books.google.no/books?id=i-bUBQAAQBAJ},
  year={2009},
  publisher={MIT Press}
}
